% this is the bibliography file


@article{talasila2014crowdsensing,
  title={Crowdsensing in the Wild with Aliens and Micro-payments},
  author={Talasila, Manoop and Curtmola, Reza and Borcea, Cristian},
  journal={under submission in IEEE Pervasive Computing Magazine},
  year={2014}
}

@inproceedings{guo2014participatory,
  title={From participatory sensing to mobile crowd sensing},
  author={Guo, Bin and Yu, Zhiwen and Zhou, Xingshe and Zhang, Daqing},
  booktitle={Pervasive Computing and Communications Workshops (PERCOM Workshops), 2014 IEEE International Conference on},
  pages={593--598},
  year={2014},
  organization={IEEE}
}

@inproceedings{mao2012citysee,
  title={CitySee: Urban CO 2 monitoring with sensors},
  author={Mao, Xufei and Miao, Xin and He, Yuan and Li, Xiang-Yang and Liu, Yunhao},
  booktitle={INFOCOM, 2012 Proceedings IEEE},
  pages={1611--1619},
  year={2012},
  organization={IEEE}
}

@article{ma2014opportunities,
  title={Opportunities in mobile crowd sensing},
  author={Ma, Huadong and Zhao, Dong and Yuan, Peiyan},
  journal={Communications Magazine, IEEE},
  volume={52},
  number={8},
  pages={29--35},
  year={2014},
  publisher={IEEE}
}

@article{lane2010survey,
  title={A survey of mobile phone sensing},
  author={Lane, Nicholas D and Miluzzo, Emiliano and Lu, Hong and Peebles, Daniel and Choudhury, Tanzeem and Campbell, Andrew T},
  journal={Communications Magazine, IEEE},
  volume={48},
  number={9},
  pages={140--150},
  year={2010},
  publisher={IEEE}
}

@article{khan2013mobile,
  title={Mobile phone sensing systems: A survey},
  author={Khan, Wazir Zada and Xiang, Yang and Aalsalem, Mohammed Y and Arshad, Quratulain},
  journal={Communications Surveys \& Tutorials, IEEE},
  volume={15},
  number={1},
  pages={402--427},
  year={2013},
  publisher={IEEE}
}


@article{nicholls2001measuring,
  title={Measuring the accessibility and equity of public parks: a case study using GIS},
  author={Nicholls, Sarah},
  journal={Managing leisure},
  volume={6},
  number={4},
  pages={201--219},
  year={2001},
  publisher={Taylor \& Francis}
}

@inproceedings{iamtrakul2005public,
  title={Public park valuation using travel cost method},
  author={Iamtrakul, Pawinee and Teknomo, Kardi and Hokao, Kazunori},
  booktitle={Proceedings of the Eastern Asia Society for Transportation Studies},
  volume={5},
  pages={1249--1264},
  year={2005},
  organization={Citeseer}
}

@article{talen1998assessing,
  title={Assessing spatial equity: an evaluation of measures of accessibility to public playgrounds},
  author={Talen, Emily and Anselin, Luc},
  journal={Environment and Planning a},
  volume={30},
  number={4},
  pages={595--613},
  year={1998},
  publisher={SAGE Publications}
}

@article{maroko2009complexities,
  title={The complexities of measuring access to parks and physical activity sites in New York City: a quantitative and qualitative approach},
  author={Maroko, Andrew R and Maantay, Juliana A and Sohler, Nancy L and Grady, Kristen L and Arno, Peter S},
  journal={International Journal of Health Geographics},
  volume={8},
  number={1},
  pages={1},
  year={2009},
  publisher={BioMed Central}
}

@article{zhang2011modeling,
  title={Modeling spatial accessibility to parks: a national study},
  author={Zhang, Xingyou and Lu, Hua and Holt, James B},
  journal={International Journal of Health Geographics},
  volume={10},
  number={1},
  pages={1},
  year={2011},
  publisher={BioMed Central}
}

@article{roth1982ray,
  title={Ray casting for modeling solids},
  author={Roth, Scott D},
  journal={Computer graphics and image processing},
  volume={18},
  number={2},
  pages={109--144},
  year={1982},
  publisher={Elsevier}
}

@article{carey2005establishing,
  title={Establishing pedestrian walking speeds},
  author={Carey, Nick},
  journal={Portland State University},
  year={2005}
}

@inproceedings{zheng2013u,
  title={U-Air: When urban air quality inference meets big data},
  author={Zheng, Yu and Liu, Furui and Hsieh, Hsun-Ping},
  booktitle={Proceedings of the 19th ACM SIGKDD international conference on Knowledge discovery and data mining},
  pages={1436--1444},
  year={2013},
  organization={ACM}
}

@inproceedings{stevens2010crowdsourcing,
  title={Crowdsourcing of pollution data using smartphones},
  author={Stevens, Matthias and Dâ€™Hondt, Ellie},
  booktitle={Workshop on Ubiquitous Crowdsourcing},
  year={2010}
}

@misc{poushter2016smartphone,
  title={Smartphone Ownership and Internet Usage Continues to Climb in Emerging Economies},
  author={Poushter, Jacob},
  year={2016},
  publisher={Pew Research Center}
}

@article{pearson1905problem,
  title={The problem of the random walk},
  author={Pearson, Karl},
  journal={Nature},
  volume={72},
  pages={342},
  year={1905}
}

@book{deza2009encyclopedia,
  title={Encyclopedia of distances},
  author={Deza, Michel Marie and Deza, Elena},
  year={2009},
  publisher={Springer}
}

@inproceedings{antonic2014urban,
  title={Urban crowd sensing demonstrator: Sense the zagreb air},
  author={Antonic, Aleksandar and Bilas, Vedran and Marjanovic, Martina and Matijasevic, Maja and Oletic, Dinko and Pavelic, Marko and Zarko, Ivana Podnar and Pripuzic, Kresimir and Skorin-Kapov, Lea},
  booktitle={Software, Telecommunications and Computer Networks (SoftCOM), 2014 22nd International Conference on},
  pages={423--424},
  year={2014},
  organization={IEEE}
}

@article{riva2007urbanet,
  title={The Urbanet revolution: Sensor power to the people!},
  author={Riva, Oriana and Borcea, Cristian},
  journal={Pervasive Computing, IEEE},
  volume={6},
  number={2},
  pages={41--49},
  year={2007},
  publisher={IEEE}
}

@inproceedings{ra2012medusa,
  title={Medusa: A programming framework for crowd-sensing applications},
  author={Ra, Moo-Ryong and Liu, Bin and La Porta, Tom F and Govindan, Ramesh},
  booktitle={Proceedings of the 10th international conference on Mobile systems, applications, and services},
  pages={337--350},
  year={2012},
  organization={ACM}
}

@article{Liu-2015,
  title={Toward detection of unsafe driving with wearables.},
  author={Liu, Luyang, et al.},
  journal={Proceedings of the 2015 workshop on Wearable Systems and Applications. ACM.},
  year={2015}
}

@article{Gillian-2014,
  title={The gesture recognition toolkit},
  author={Gillian, Nicholas Edward and Joseph A. Paradiso},
  journal={Journal of Machine Learning Research 15.1: 3483-3487},
  year={2014}
}


